
@article{Tam65,
  title = {Analyses of the Scattering of Nuclear Particles by Collective Nuclei in Terms of the Coupled-Channel Calculation},
  author = {TAMURA, TARO},
  journal = {Rev. Mod. Phys.},
  volume = {37},
  issue = {4},
  pages = {679},
  year = {1965}
}
%  month = {Oct},
%  doi = {10.1103/RevModPhys.37.679},
%  url = {http://link.aps.org/doi/10.1103/RevModPhys.37.679},
%  publisher = {American Physical Society}



@article{HT70,
  title = {},
  author = {A. U. Hazi and H. S. Taylor},
  journal = {Phys. Rev. A},
  volume = {1},
  pages = {1109},
  year = {1970}
}

@article{Nunes96,
  title = {},
  author = {F.M. Nunes and I.J. Thompson and R.C. Johnson},
  journal = {Nucl. Phys. A},
  volume = {596},
  pages = {171},
  year = {1996}
}

@article{Ridi98,
  title = {},
  author = {D. Ridikas and et al.},
  journal = {Nucl. Phys. A},
  volume = {628},
  pages = {363},
  year = {1998}
}

@article{Blum13,
  title = {},
  author = {Blumenfeld, Y and Nilsson, T and Van Duppen, P},
  journal = {Phys. Scr. T},
  volume = {152},
  pages = {014023},
  year = {2013}
}

@article{Nupecc10,
  title={NuPECC Long Range Plan 2010: Perspectives of Nuclear Physics in Europe},
  author={NuPECC report},
  journal={NuPECC Long Range Plan 2010: Perspectives of Nuclear Physics in Europe},
  volume={1},
  year={2010}
}

@article{Tho09,
  title={Nuclear reactions for astrophysics},
  author={Thompson, Ian J and Nunes, Filomena M},
  journal={Nuclear Reactions for Astrophysics, by Ian J. Thompson, Filomena M. Nunes, Cambridge, UK: Cambridge University Press, 2009},
  volume={1},
  year={2009}
}


@article{Lay12,
  title = {Particle motion in a deformed potential using a transformed oscillator basis},
  author = {Lay, J. A. and Moro, A. M. and Arias, J. M. and G\'omez-Camacho, J.},
  journal = {Phys. Rev. C},
  volume = {85},
  pages = {054618},
  year = {2012},
  month = {May},
  doi = {10.1103/PhysRevC.85.054618},
  url = {http://link.aps.org/doi/10.1103/PhysRevC.85.054618}
}


@book{AW75,
  title={Electromagnetic excitation: theory of Coulomb excitation with heavy ions},
  author={Alder, K. and Winther, A.},
  isbn={9780720402889},
  lccn={73091445},
  year={1975},
  publisher={North-Holland Pub. Co.}
}



@phdthesis{Nun95,
    author="F. Nunes",
    title="{Core Excitation in Few Body Systems: Application to halo nuclei}",
    school="University of Surrey",
    year="1995"
}

@Book{ BM,
	author = "A. Bohr and B. Mottelson",
	title = "Nuclear Structure",
	publisher = "",
	edition = "{New York, W. A. Benjamin}",
	year = "1969"
}

@article{Cre11,
  author="R. {Crespo} and A. {Deltuva} and A. M. {Moro}",
  title="Core excitation contributions to the breakup of the one-neutron halo nucleus $^{11}$Be on a proton",
  journal="Phys. Rev. C",
  year=2011,
  volume="83",
  pages="044622"
}


@article{Cra10,
  author="E. {Cravo} and R. {Crespo} and A. M. {Moro} and A. {Deltuva}",
  title="Probing nucleon-nucleon interactions in breakup of the one-neutron halo nucleus $^{11}$Be on a proton target",
  journal="Phys. Rev. C",
  year=2010,
  volume="81",
  pages="031601"
}


@article{Cap01,
  author="F. {Cappuzzello} and A. {Cunsolo} and S. {Fortier} and A. {Foti} and M. {Khaled} and H. {Laurent} and H. {Lenske} and J. M. {Maison} and A. L. {Melita} and C. {Nociforo} and L. {Rosier} and C. {Stephan} and L. {Tassan-Got} and J. S. {Winfield} and H. H. {Wolter}",
  title="Excited States of $^{11}$Be",
  journal="Phys. Lett.",
  year=2001,
  volume="516B",
  pages="21"
}

@article{Win01,
  author2="J. S. {Winfield} and S. {Fortier} and W. N. {Catford} and S. {Pita} and N. A. {Orr} and J. {Van de Wiele} and Y. {Blumenfeld} and R. {Chapman} and S. P. G. {Chappell} and N. M. {Clarke} and N. {Curtis} and M. {Freer} and S. {Gales} and H. {Langevin-Joliot} and H. {Laurent} and I. {Lhenry} and J. M. {Maison} and P. {Roussel-Chomaz} and M. {Shawcross} and K. {Spohr} and T. {Suomijarvi} and A. {de Vismes}",
  author="J. S. Winfield and others",
  title="Single-Neutron Transfer from $^{11}$Be$_{gs}$ via the (p, d) Reaction with a Radioactive Beam",
  journal="Nucl. Phys A.",
  year=2001,
  volume="683",
  pages="48"
}

@techreport{NSR2000WIZW,
  author="J. S. {Winfield} and S. {Fortier} and W. N. {Catford} and S. {Pita} and N. A. {Orr} and J. {Van de Wiele} and Y. {Blumenfeld} and R. {Chapman} and S. P. G. {Chappell} and N. M. {Clarke} and N. {Curtis} and M. {Freer} and S. {Gales} and H. {Langevin-Joliot} and H. {Laurent} and I. {Lhenry} and J. M. {Maison} and P. {Roussel-Chomaz} and M. {Shawcross} and K. {Spohr} and T. {Suomijarvi} and A. {de Vismes}",
  title="Single-Neutron Transfer from $^{11}$Be$_{gs}$ via the (p, d) Reaction with a Radioactive Beam",
  year=2000,
  institution="   ",
  number="IPNO-DR 00-26"
}

@article{For99,
  author2="S. {Fortier} and S. {Pita} and J. S. {Winfield} and W. N. {Catford} and N. A. {Orr} and J. {Van de Wiele} and Y. {Blumenfeld} and R. {Chapman} and S. P. G. {Chappell} and N. M. {Clarke} and N. {Curtis} and M. {Freer} and S. {Gales} and K. L. {Jones} and H. {Langevin-Joliot} and H. {Laurent} and I. {Lhenry} and J. M. {Maison} and P. {Roussel-Chomaz} and M. {Shawcross} and M. {Smith} and K. {Spohr} and T. {Suomijarvi} and A. {de Vismes}",
  author="S. Fortier and others",
  title="Core Excitation in $^{11}$Be$_{gs}$ via the p($^{11}$Be, $^{10}$Be)d Reaction",
  journal="Phys. Lett.",
  year=1999,
  volume="461B",
  pages="22"
}

@techreport{NSR1999FOZZ,
  author="S. {Fortier} and S. {Pita} and J. S. {Winfield} and W. N. {Catford} and N. A. {Orr} and J. {Van de Wiele} and Y. {Blumenfeld} and R. {Chapman} and S. P. G. {Chappell} and N. M. {Clarke} and N. {Curtis} and M. {Freer} and S. {Gales} and K. L. {Jones} and H. {Langevin-Joliot} and H. {Laurent} and I. {Lhenry} and J. M. {Maison} and P. {Roussel-Chomaz} and M. {Shawcross} and M. {Smith} and K. {Spohr} and T. {Suomijarvi} and A. {de Vismes}",
  title="Core Excitation in $^{11}$Be$_{gs}$ via the p($^{11}$Be, $^{10}$Be)d Reaction",
  year=1999,
  institution="   ",
  number="IPNO DRE-99-17"
}

@article{For99b,
  author="J. S. {Winfield} and S. {Fortier} and W. N. {Catford} and S. {Pita} and N. A. {Orr} and Y. {Blumenfeld} and R. {Chapman} and S. P. G. {Chappell} and N. M. {Clarke} and N. {Curtis} and M. {Freer} and S. {Gales} and K. L. {Jones} and H. {Langevin-Joliot} and H. {Laurent} and I. {Lhenry} and J. -M. {Maison} and P. {Roussel-Chomaz} and M. {Shawcross} and M. {Smith} and K. {Spohr} and T. {Suomijarvi} and A. {de Vismes}",
  title="Structure of $^{11}$Be from the (d, p) Reaction in Inverse Kinematics",
  journal="J. Phys. (London)",
  year=1999,
  volume="G25",
  pages="755"
}

@techreport{For98,
  author="S. {Fortier} and J. S. {Winfield} and S. {Pita} and W. N. {Catford} and N. A. {Orr} and Y. {Blumenfeld} and R. {Chapman} and S. P. G. {Chappell} and N. M. {Clarke} and N. {Curtis} and M. {Freer} and S. {Gales} and K. L. {Jones} and H. {Langevin-Joliot} and H. {Laurent} and I. {Lhenry} and J. M. {Maison} and P. {Roussel-Chomaz} and M. {Shawcross} and M. {Smith} and K. {Spohr} and T. {Suomijarvi} and A. {de Vismes}",
  title="Study of $^{11}$Be Structure via the p($^{11}$Be, $^{10}$Be)d Reaction",
  year=1998,
  institution="   ",
  number="IPNO-DRE.98-13"
}


@article{Hag04,
  author="K. {Hagino} and N. {Van Giai}",
  title="Structure of positive energy states in a deformed mean-field potential",
  journal="Nucl. Phys.",
  year=2004,
  volume="A735",
  pages="55"
}

@article{Mor12,
  author="A.M. Moro and R. Crespo",
  journal="to be published in Phys. Rev. C",
  year="2012"
}


@Article{ Bar09,
	titulo = "Integral Relations for Three-Body Continuum States with the Adiabatic Expansion",
	author = "P. Barletta and C. Romero-Redondo and A. Kievsky and M. Viviani and E. Garrido",
	journal = "Phys. Rev. Lett.",
	volume = "103",
	pages = "090402",
	year = "2009",
	doi = "10.1103/PhysRevLett.103.090402",
	publisher = "American Physical Society"
}

@Article{ Kie10,
	titulo = "Variational description of continuum states in terms of integral relations",
	author = "A. Kievsky and M. Viviani and Paolo Barletta and C. Romero-Redondo and E. Garrido",
	journal = "Phys. Rev. C",
	volume = "81",
	pages = "034002",
	year = "2010",
	doi = "10.1103/PhysRevC.81.034002",
	publisher = "American Physical Society"
}

@Article{ San08,
	author = "A.M. S{\'a}nchez-Ben{\'i}tez and others",
	journal = "Nucl. Phys. A",
	volume = "803",
	pages = "30",
	year = "2008"
}

@Article{ Suz09,
	author = "Y. {Suzuki} and W. {Horiuchi} and K. {Arai}",
	title = "Phase-shift calculation using continuum-discretized states",
	journal = "Nucl. Phys. A",
	year = 2009,
	volume = "823",
	pages = "1"
}

@Article{ Typ05,
	author = "S. {Typel} and G. {Baur}",
	title = "Electromagnetic strength of neutron and proton single-particle halo nuclei",
	journal = "Nucl. Phys. A",
	year = 2005,
	volume = "759",
	pages = "247"
}

@Article{ Chad01,
	author = "K. Chadan and R. Kobayashi and T. Kobayashi",
	title = "",
	journal = "Jour. Math. Phys.",
	year = "2001",
	volume = "42",
	pages = "4031"
}

@Article{ Haz71,
	author = "A. U. Hazi and M. F. Fels",
	title = "Computation of resonance parameters for elastic scattering",
	journal = "Chem. Phys. Lett.",
	year = "1971",
	volume = "8",
	pages = "582"
}

@Article{ Bar74,
	author = "A. R. Barnett and J. S. Lilley",
	titulo = "Interaction of alpha particles in the lead reagion near the coulomb barrier",
	journal = "Phys. Rev. C",
	volume = "9",
	pages = "2010",
	year = "1974"
}

@Article{ Per63,
	author = "C. M. Perey and F. G. Perey",
	journal = "Phys. Rev.",
	volume = "132",
	pages = "755",
	year = "1963"
}

@Article{ Mor06,
	title = "Coulomb breakup in a transformed harmonic oscillator basis",
	author = "A. M. Moro and F. P{\'e}rez-Bernal and J. M. Arias and J. G{\'o}mez-Camacho",
	journal = "Phys. Rev. C",
	volume = "73",
	pages = "044612",
	numpages = "5",
	year = "2006",
	doi = "10.1103/PhysRevC.73.044612",
	publisher = "American Physical Society"
}

@Article{ Mor09,
	title = "Analytical transformed harmonic oscillator basis for CDCC calculations",
	author = "A. M. Moro and J. M. Arias and J. G{\'o}mez-Camacho and F. P{\'e}rez-Bernal",
	journal = "Phys. Rev. C",
	volume = "80",
	pages = "054605",
	year = "2009",
	publisher = "American Physical Society"
}

@Book{ Joa87,
	author = "C.\ J. Joachain",
	editor = "",
	title = "Quantum collision theory",
	publisher = "North-Holland",
	year = "1987"
}

@Article{ Del07,
	author = "A. {Deltuva} and A. M. {Moro} and E. {Cravo} and F. M. {Nunes} and A.\ C. {Fonseca}",
	title = "Three-body description of direct nuclear reactions: Comparison with the continuum discretized coupled channels method",
	journal = "Phys. Rev. C",
	year = 2007,
	volume = "76",
	pages = "064602"
}

@Article{ Bray02,
	author = "I. Bray",
	journal = "Phys. Rev. Lett.",
	volume = "89",
	pages = "273201",
	year = "2002"
}

@Article{ Rod97,
	titulo = "Absolute Triply Differential ( e,2e) Cross Section Measurements for H with Comparison to Theory",
	author = "J. {R{\"o}der} and H. Ehrhardt and C. Pan and A. F. Starace and I. Bray and D. V. Fursa",
	journal = "Phys. Rev. Lett.",
	volume = "79",
	pages = "1666",
	year = "1997"
}

@Article{ Bray98,
	author = "I. Bray",
	journal = "Comp. Phys. Comm.",
	titulo = "Calculation of electron- and photon-impact ionization via a close-coupling approach",
	volume = "114",
	pages = "356",
	year = "1998"
}

@Article{ Mac87a,
	author = "A. Mac{\'i}as and F. Mart{\'i}n and F. Riera and M. {Y{\'a}{\~n}ez}",
	titulo = "Simple discretization method for autoionization widths. I. Theory",
	journal = "Phys. Rev. A",
	volume = "36",
	pages = "4179--4186",
	year = "1987"
}

@Article{ Mac87b,
	author = "A. Mac{\'i}as and F. Mart{\'i}n and M. Y{\'a}{\~n}ez",
	titulo = "Simple discretization method for autoionization widths. II. Atoms",
	journal = "Phys. Rev. A",
	volume = "36",
	pages = "4187--4202",
	year = "1987"
}

@Article{ Mac87c,
	author = "A. Mac{\'i}as and F. Mart{\'i}n and M. Y{\'a}{\~n}ez",
	titulo = "Simple discretization method for autoionization widths. III. Molecules",
	journal = "Phys. Rev. A",
	volume = "36",
	pages = "4203--4211",
	year = "1987"
}

@Article{ Hiy03,
	author = "E. Hiyama and Y. Kino and M. Kamimura",
	title = "Gaussian expansion method for few-body systems",
	journal = "Prog. Part. Nucl. Phys.",
	volume = "51",
	year = "2003",
	pages = "223--307",
	SLACcitation = "%%CITATION = PPNPD,51,223;%%"
}

@Article{ Ron70,
	author = "R. C.~ Johnson and P. J. R.~ Soper",
	journal = "Phys. Rev. C",
	volume = "1",
	pages = "976 ",
	year = "1970"
}

@Article{ Raw74,
	author = "G. H. Rawitscher",
	journal = "Phys. Rev. C",
	volume = "9",
	pages = "2210",
	year = "1974"
}

@Article{ Amos,
	author = "S. {Karataglidis} and K. {Amos} and B. G. {Giraud}",
	title = "Local scale transformations and extended matter distributions in nuclei",
	journal = "Phys. Rev. C",
	year = 2005,
	volume = "71",
	pages = "064601"
}

@Article{ Kho02,
	author = "D. T. {Khoa} and G. R. {Satchler} and N. D. Thuy",
	title = "Do 1.37 GeV $\alpha$ Particles Find Nuclei Attractive or Repulsive ?",
	journal = "Phys. Rev. C",
	year = 2002,
	volume = "65",
	pages = "024611"
}

@Article{ Mor02,
	author = "A.~M.\ Moro and J.~M.\ Arias and J. G{\'o}mez-Camacho and I. Martel and F. P{\'e}rez-Bernal and R. Crespo and F.~M.\ Nunes",
	journal = "Phys. Rev. C",
	volume = "65",
	pages = "011602(R)",
	year = "2001"
}

@Article{ manoli04,
	author = "M. Rodriguez-Gallardo and J. M. Arias and J. G{\'o}mez-Camacho",
	titulo = "Describing resonances in a discrete basis",
	journal = "Phys. Rev. C",
	volume = "69",
	year = "2004",
	pages = "034308",
	SLACcitation = "%%CITATION = PHRVA,C69,034308;%%"
}

@Article{ Aum99,
	author = "T. Aumann and others",
	titulo = "Describing resonances in a discrete basis",
	journal = "Phys. Rev. C",
	volume = "59",
	year = "1999",
	pages = "1252"
}

@Article{ Ver97,
	author = "J. {Vervier et al.(editors)}",
	title = "{Nuclear Physics in Europe: Highlights and Opportunities}",
	journal = "Report of Nuclear Physics European Collaboration Committee",
	year = "1997"
}

@Article{ Rot70,
	author = "J. {Vervier et al.}",
	title = "",
	journal = "Adv. At. Mol. Phys.",
	year = "1970",
	OPTkey = "",
	OPTvolume = "6",
	OPTnumber = "",
	OPTmonth = "233",
	OPTpages = "",
	OPTnote = "",
	OPTannote = ""
}

@Article{ Ant99,
	author = "F. Antonsen",
	journal = "Phys. Rev. A",
	volume = "60",
	year = "1999",
	pages = "812"
}

@Article{ Aus89,
	author = "N. Austern and M. Yahiro and M. Kawai",
	journal = "Phys. Rev. Lett. {\bf 63}, 2649",
	year = "1989"
}

@Article{ Yah81,
	author = "M. Yahiro and M. Kamimura",
	journal = "Prog. Theor. Phys. {\bf 65}, 2046, ibid {\bf 65}, 2051",
	year = "1981"
}

@Article{ Kam86,
	author = "M. Kamimura and M. Yahiro and Y. Sakuragi Y. Iseri and H. Kameyama and M. Kawai",
	journal = "Prog. Theor. Phys. Suppl. {\bf 89}, 1",
	year = "1986"
}

@Article{ Yah82,
	author = "M. Yahiro and {N.} Nakano and Y. Iseri and M. Kamimura",
	journal = "Prog. Theor. Phys. {\bf 67}, 1464",
	year = "1982",
	nota = "Convergencia CDCC"
}

@Article{ Yah86,
	author = "M. Yahiro and Y. Iseri and H. Kameyama and M. Kamimura and M. Kawai",
	journal = "Prog. Theor. Phys. Suppl.",
	volume = "89",
	pages = "32",
	year = "1986"
}

@Article{ Saw86,
	author = "T. Sawada and K. Thushima",
	journal = "Prog. Theor. Phys. {\bf 76}, 440",
	year = "1986",
	nota = "Critica metodo Av de CDCC"
}

@Article{ Szm00,
	author = "R. Szmytkowski and B. Zywica-Mozejko",
	journal = "Phys. Rev. {\bf A62}, 812",
	volume = "62",
	pages = "812",
	year = "2000"
}

@Article{ Per02,
	author = "F. P{\'e}rez-Bernal and I. Martel and J. M. Arias and J. G{\'o}mez-Camacho",
	journal = "Few-Body Syst. Suppl.",
	volume = "13",
	pages = "217",
	year = "2002"
}

@Article{ Per01,
	author = "F. P{\'e}rez-Bernal and I. Martel and J. M. Arias and J. G{\'o}mez-Camacho",
	journal = "Phys. Rev. A",
	volume = "63",
	pages = "052111",
	year = "2001"
}

@Article{ Pet81,
	author = "I.Zh. Petkov and M.V. Stoitsov",
	journal = "C.R. Acad. Bulg. Sci.",
	volume = "34",
	pages = "1651",
	year = "1981"
}

@Article{ Pet83a,
	author = "I.Zh. Petkov and M.V. Stoitsov",
	journal = "Theor. Math. Phys.",
	volume = "55",
	pages = "584",
	year = "1983"
}

@Article{ Pet83b,
	author = "I.Zh. Petkov and M.V. Stoitsov",
	journal = "Sov. J. Nucl. Phys.",
	volume = "37",
	pages = "692",
	year = "1983"
}

@Article{ Sto88,
	author = "M.V. Stoitsov and I.Zh. Petkov",
	journal = "Ann. Phys.",
	volume = "184",
	pages = "121",
	year = "1988"
}

@Article{ Pet91,
	author = "I.Zh. Petkov and M.V. Stoitsov",
	journal = "Nuclear Density Functional Theory. \rm{Oxford Studies in Physics (Clarendon, Oxford)}",
	year = "1981"
}

@Article{ Sto98a,
	author = "M.V. Stoitsov and P. Ring and D. Vretenar and G.A. Lalazissis",
	journal = "Phys. Rev. C",
	volume = "58",
	pages = "2092",
	year = "1998"
}

@Article{ Sto98b,
	author = "M.V. Stoitsov and W. Nazarewicz and S. Pittel",
	journal = "Phys. Rev. C",
	volume = "58",
	pages = "2086",
	year = "1998"
}

@Article{ Sto00,
	author = "M.V. Stoitsov and J. Dobaczewski and P. Ring and S. Pittel",
	journal = "Phys. Rev. C",
	volume = "61",
	pages = "034311",
	year = "2000"
}

@Article{ Thom88,
	author = "I.J. Thompson",
	journal = "Comp. Phys. Rep. {\bf 7}, 167",
	year = "1988"
}

@Article{ Bec69,
	author = "F. D. Becchetti and G. W. Greenlees",
	journal = "Phys. Rev.",
	volume = "182",
	pages = "1190",
	year = "1969"
}

@Article{ Aus87,
	author = "N. Austern and Y. Iseri and M. Kamimura and M. Kawai and G. Rawitscher and M. Yahiro",
	journal = "Phys. Rep.",
	volume = "154",
	pages = "125",
	year = "1987",
	nota = "Convergencia CDCC"
}

@Article{ Sak85,
	author = "Y. {Sakuragi} and M. {Kamimura} and S. {Micek} and H. {Rebel} and H. J. {Gils}",
	title = "$^{6}$Li Break-Up Effect on Elastic and Inelastic Scattering of $^{6}$Li + $^{6}$Li at 156 MeV",
	journal = "Z. Phys. A",
	year = 1985,
	volume = "322",
	pages = "627"
}

@Article{ Sak87,
	author = "Y. {Sakuragi}",
	title = "Energy and Target Dependence of Projectile Breakup Effect in Elastic Scattering of $^{6}$Li",
	journal = "Phys.Rev.",
	year = 1987,
	volume = "C35",
	pages = "2161"
}

@Article{ Sak83,
	author = "Y. {Sakuragi} and M. {Yahiro} and M. {Kamimura}",
	title = "Elastic Scattering and Breakup of $^{6}$Li - A New Type of Dynamical Polarization Potential",
	journal = "Prog. Theor. Phys.(Kyoto)",
	year = 1983,
	volume = "70",
	pages = "1047"
}

@Article{ Tak03,
	author = "M. {Takashina} and S. {Takagi} and Y. {Sakuragi} and Y. {Iseri}",
	title = "Continuum-discretized coupled-channels study of the $^{11}$Be $\to$ $^{10}$Be+n breakup effect on $^{11}$Be elastic scattering",
	journal = "Phys. Rev. C",
	year = 2003,
	volume = "67",
	pages = "037601"
}

@Article{ Summers06,
	author = "N. C. {Summers} and F. M. {Nunes} and I. J. {Thompson}",
	title = "Extended continuum discretized coupled channels method: Core excitation in the breakup of exotic nuclei",
	journal = "Phys. Rev. C",
	year = 2006,
	volume = "74",
	pages = "014606"
}

@Article{ Sum07,
	author = "N. C. {Summers} and F. M. {Nunes}",
	title = "Core excitation in the elastic scattering and breakup of $^{11}$Be on protons",
	journal = "Phys. Rev. C",
	year = 2007,
	volume = "76",
	pages = "014611"
}

@Article{ Raw72,
	author = "G. H. Rawitscher",
	journal = "Phys. Rev. C",
	volume = "9",
	pages = "2210--2229",
	year = "1974"
}

@Article{ Esb96,
	author = "H. Esbensen and G. F. Bertsch",
	journal = "Nucl. Phys. A",
	volume = "600",
	pages = "37",
	year = "1996"
}

@Article{ Piy99,
	author = "R. A .D. Piyadasa and M. Kawai and M. Kamimura and M. Yahiro",
	journal = "Phys. Rev. C",
	volume = "60",
	pages = "044611",
	year = "1999",
	nota = "Convergencia CDCC"
}

@Article{ Esb97,
	author = "H. Esbensen and G.F. Bertsch and K. Hencken",
	journal = "Phys. Rev. C",
	volume = "56",
	pages = "3054",
	year = "1997",
	titulo = "Application of contact interactions to Borromean halos"
}

@Article{ Lay10a,
	author = "J. A. {Lay} and D. V. {Fedorov} and A. S. {Jensen} and E. {Garrido} and C. {Romero-Redondo}", 
	title = "Three-body structure of low-lying 18Ne states",
	journal = "Eur. Phys. Jour. A",
	year = 2010,
	volume = "44",
	pages = "261"
}

@Article{ Lay10,
	author = "J. A. {Lay} and A. M. {Moro} and J. M. {Arias} and J. {Gomez-Camacho}",
	title = "Exploring continuum structures with a pseudo-state basis",
	journal = "Phys. Rev. C",
	year = 2010,
	volume = "82",
	pages = "024605"
}

@Article{ Ber91,
	author = "H. Esbensen and G.F. Bertsch",
	journal = "Ann. Phys. (N.Y.) {\bf 209}, 327",
	year = "1991"
}

@Book{ mosh,
	author = "M. Moshinsky and Y. Smirnov",
	ALTeditor = "",
	title = "The Harmonic Oscillator in Modern Physics",
	publisher = "Harwood Academic",
	year = "1996"
}

@Article{ Bec07,
	author = "C. {Beck} and N. {Keeley} and A. {Diaz-Torres}",
	title = "Coupled-channel effects in elastic scattering and near-barrier fusion induced by weakly bound nuclei and exotic halo nuclei",
	journal = "Phys. Rev. C",
	year = 2007,
	volume = "75",
	pages = "054605"
}

@Article{ Rus03,
	author = "K. {Rusek} and P. D. {Cathers} and E. E. {Bartosz} and N. {Keeley} and K. W. {Kemper} and F. {Marechal}",
	title = "Scattering of polarized $^{7}$Li from $^{4}$He",
	journal = "Phys. Rev. C",
	year = 2003,
	volume = "67",
	pages = "014608"
}

@Article{ Rus04,
	title = "Breakup and fusion of $ Li6 $ and $ He6 $ with $ Pb 208 $ ",
	author = "K. Rusek and N. Alamanos and N. Keeley and V. Lapoux and A. Pakou",
	journal = "Phys. Rev. C",
	volume = "70",
	number = "1",
	pages = "014603",
	numpages = "8",
	year = "2004",
	month = "Jul",
	doi = "10.1103/PhysRevC.70.014603",
	publisher = "American Physical Society"
}

@Article{ Dav95,
	author = "N. J. {Davis} and C. H. {Shepherd-Themistocleous} and A. C. {Shotter} and T. {Davinson} and D. G. {Ireland} and K. {Livingston} and E. W. {Macdonald} and R. D. {Page} and P. J. {Sellin} and P. J. {Woods} and N. M. {Clarke} and G. {Tungate} and J. A. R. {Griffith} and S. J. {Hall} and O. {Karban} and I. {Martel-Bravo} and J. M. {Nelson} and K. {Rusek} and J. {G{\'o}mez-Camacho}",
	title = "Tensor Analyzing Powers for $^{7}$Li Breakup",
	journal = "Phys. Rev. C",
	year = 1995,
	volume = "52",
	pages = "3201"
}

@Article{ Rus01,
	author = "E. E. {Bartosz} and N. {Keeley} and P. D. {Cathers} and M. W. {Cooper} and K. W. {Kemper} and F. {Marechal} and K. {Rusek}",
	title = "Reorientation and Breakup Effects in Polarized $^{7}$Li + $^{12}$C Elastic Scattering",
	journal = "Phys. Rev. C",
	year = 2001,
	volume = "64",
	pages = "014606"
}

@Article{ Rus05,
	author = "K. {Rusek} and I. {Martel} and J. {Gomez-Camacho} and A. M. {Moro} and R. {Raabe}",
	title = "Three-body continuum-discretized coupled-channel calculations for $^{6}$He scattering from heavy nuclei",
	journal = "Phys. Rev. C",
	year = 2005,
	volume = "72",
	pages = "037603"
}

@Article{ Mar98,
	author = "I. {Martel} and J. {G{\'o}mez-Camacho} and K. {Rusek} and G. {Tungate}",
	title = "Effects of the Electric Dipole Polarizability in the Scattering of Polarized $^{7}$Li from $^{208}$Pb at 27 MeV",
	journal = "Nucl. Phys. A",
	year = 1998,
	volume = "641",
	pages = "188"
}

@Article{ Kee98,
	author = "N. {Keeley} and K. {Rusek}",
	title = "Near-Barrier Polarisation Potentials for $^{6,7}$Li + $^{208}$Pb",
	journal = "Phys. Lett.",
	year = 1998,
	volume = "427B",
	pages = "1"
}

@Article{ Kee02,
	author = "N. {Keeley} and K. W. {Kemper} and K. {Rusek}",
	title = "$^{7}$Be versus $^{7}$Li: The influence of breakup threshold on the dynamic polarization potential",
	journal = "Phys. Rev. C",
	year = 2002,
	volume = "66",
	pages = "044605"
}

@Article{ manoli05,
	author = "M. Rodr{\'i}guez-Gallardo and J. M. Arias and J. G{\'o}mez-Camacho and A. M. Moro and I. J. Thompson and J. A. Tostevin",
	journal = "Phys. Rev. C",
	volume = "72",
	pages = "024007",
	year = "2005"
}

@Article{ manoli08,
	author = "M. Rodr{\'i}guez-Gallardo and J. M. Arias and J. G{\'o}mez-Camacho and R. C. Johnson and A. M. Moro and I. J. Thompson and J. A. Tostevin",
	journal = "Phys. Rev. C",
	volume = "77",
	pages = "064609",
	year = "2008"
}

@Article{ Nun99,
	author = "F. M. Nunes and I. J. Thompson",
	journal = "Phys. Rev. C",
	volume = "59",
	pages = "2652",
	year = "1999",
	titulo = "Multi-step effects in subcoulomb breakup"
}

@Article{ Tos01,
	author = "J. A. Tostevin and F. M. Nunes and I. J. Thompson",
	journal = "Phys. Rev. C",
	volume = "63",
	pages = "024617",
	year = "2001"
}

@Article{ Ega04,
	author = "T. Egami and K. Ogata and T. Matsumoto and Y. Iseri and M. Kamimura and M. Yahiro",
	journal = "Phys. Rev. C",
	volume = "70",
	pages = "047604",
	year = "2004"
}

@Article{ Mat03,
	author = "T. {Matsumoto} and T. {Kamizato} and K. {Ogata} and Y. {Iseri} and E. {Hiyama} and M. {Kamimura} and M. {Yahiro}",
	title = "New treatment of breakup continuum in the method of continuum discretized coupled channels",
	journal = "Phys. Rev. C",
	year = 2003,
	volume = "68",
	pages = "064607"
}

@Article{ Mor07,
	author = "A. M. {Moro} and K. {Rusek} and J. M. {Arias} and J. {G{\'o}mez-Camacho} and M. {Rodr{\'i}guez-Gallardo}",
	title = "Improved di-neutron cluster model for $^{6}$He scattering",
	journal = "Phys. Rev. C",
	year = 2007,
	volume = "75",
	pages = "064607"
}

@Article{ Mat04a,
	author = "T. {Matsumoto} and E. {Hiyama} and M. {Yahiro} and K. {Ogata} and Y. {Iseri} and M. {Kamimura}",
	title = "Four-body CDCC analysis of $^{6}$He + $^{12}$C scattering",
	journal = "Nucl. Phys. A",
	year = 2004,
	volume = "738",
	pages = "471"
}

@Article{ Mat04b,
	author = "T. {Matsumoto} and E. {Hiyama} and K. {Ogata} and Y. {Iseri} and M. {Kamimura} and S. {Chiba} and M. {Yahiro}",
	title = "Continuum-discretized coupled-channels method for four-body nuclear breakup in $^{6}$He+$^{12}$C scattering",
	journal = "Phys. Rev. C",
	year = 2004,
	volume = "70",
	pages = "061601(R)"
}

@Article{ Mat06,
	author = "T. {Matsumoto} and T. {Egami} and K. {Ogata} and Y. {Iseri} and M. {Kamimura} and M. {Yahiro}",
	title = "Coulomb breakup effects on the elastic cross section of $^{6}$He + $^{209}$Bi scattering near Coulomb barrier energies",
	journal = "Phys. Rev. C",
	year = 2006,
	volume = "73",
	pages = "051602(R)"
}

@Article{ Ste81,
	author = "E. J. {Stephenson} and C. C. {Foster} and P. {Schwandt} and D. A. {Goldberg}",
	title = "Features of the Analyzing Powers in Deuteron Elastic Scattering near 80 MeV",
	journal = "Nucl. Phys.",
	year = 1981,
	volume = "A359",
	pages = "316"
}

@Article{ Haz70,
	author = "A. U. Hazi and H. S. Taylor",
	journal = "Phys. Rev. A",
	volume = "1",
	pages = "1109",
	year = "1970"
}


@article{Lip70,
  volume = {2},
  journal = {Phys. Rev. A},
  title = {Unique Definition of the Quasistationary State for Resonant Processes},
  author = {Lippmann, Bernard A. and O'Malley, Thomas F.},
  year = {1970},
  pages = {2115}
}


@Article{ Tay76,
	author = "H. S. Taylor and A. U. Hazi",
	journal = "Phys. Rev. A",
	volume = "14",
	pages = "2071",
	year = "1976"
}

@Article{ Ste83,
	author = "E. J. {Stephenson \textit{et al.}}",
	journal = "Phys. Rev. {\bf C28}, 134",
	year = "1983",
	nota = "Datos experimentales d+Ni @ 80 MeV"
}

@Article{ Moroz82,
	autores = "Moroz {\it et al.}, Z.",
	author = "Z. Moroz and P. Zupranski and R. Bottger and P. Egelhof and K.-H. Mobius and G. Tungate and E. Steffens and W. Dreves and I. Koenig and D. Fick",
	journal = "Nucl. Phys. A",
	volume = "381",
	pages = "294",
	year = "1982"
}

@Book{ mosh,
	author = "M. Moshinsky and Y. Smirnov",
	ALTeditor = "",
	title = "The Harmonic Oscillator in Modern Physics",
	publisher = "Harwood Academic",
	year = "1996"
}

@Book{ PS91,
	author = "I. Zh. Petkov and M. V Stoitsov",
	title = "Nuclear Density Functional Theory, Oxford Studies in Physics",
	publisher = "Clarendon, Oxford",
	year = "1991"
}

@Article{ SP88,
	author = "M. V. Stoitsov and I. Zh. Petkov",
	OPTtitle = "",
	journal = "Ann. Phys. (N. Y.)",
	year = "1988",
	volume = "{\bf 184}",
	OPTnumber = "121",
	OPTkey = "",
	pages = "121",
	OPTmonth = "",
	OPTnote = "",
	OPTannote = ""
}

@Article{ PMAG03,
	author = "F. P{\'e}rez-Bernal and I. Martel and J. M. Arias and J. G{\'o}mez-Camacho",
	OPTtitle = "",
	journal = "Phys. Rev. A",
	year = "2003",
	volume = "{\bf 67}",
	OPTnumber = "052108",
	OPTkey = "",
	pages = "052108",
	OPTmonth = "",
	OPTnote = "",
	OPTannote = ""
}

@Article{ MPRAG02,
	author = "I. Martel and F. P{\'e}rez-Bernal and M. Rodr{\'i}guez-Gallardo and J. M. Arias and J. G{\'o}mez-Camacho",
	OPTtitle = "",
	journal = "Phys. Rev. A",
	year = "2002",
	volume = "{\bf 65}",
	OPTnumber = "052708",
	OPTkey = "",
	pages = "052708",
	OPTmonth = "",
	OPTnote = "",
	OPTannote = ""
}

@Article{ Ro04,
	author = "M. Rodr{\'i}guez-Gallardo and J. M. Arias and J. G{\'o}mez-Camacho",
	OPTtitle = "",
	journal = "Phys. Rev. C",
	year = "2004",
	volume = "{\bf 69}",
	OPTnumber = "",
	OPTkey = "",
	pages = "034308",
	OPTmonth = "",
	OPTnote = ""
}

@Article{ Bus78,
	author = "J. Buschmann and H.J. Gils and H. Rebel and S. Zagromski and G. Bechtold and H. Klewe-Nebenius and H. Faust and B. Neumann",
	journal = "Verhandlg. DPG 4/1978, S. 945",
	pages = "",
	year = ""
}

@Article{ Maj78,
	author = "Z. {Majka} and H. J. {Gils} and H. {Rebel}",
	title = "104 MeV Alpha Particle and 156 MeV $^{6}$Li Scattering and the Validity of Refined Folding Model Approaches for Light Complex Projectile Scattering",
	journal = "Z. Phys.",
	year = "1978",
	volume = "A288",
	pages = "139"
}

@Article{ Fri83,
	title = "Analytical transformed harmonic oscillator basis for CDCC calculations",
	author = "J. L. Friar and S. Fallieros and E. L. Tomusiak and D. Skopik and E. G. Fuller",
	journal = "Phys. Rev. C",
	volume = "27",
	pages = "1364",
	year = "1983",
	publisher = "American Physical Society"
}

@Article{ Pac07,
	title = "Analytical transformed harmonic oscillator basis for CDCC calculations",
	author = "K. Pachucki and A. M. Moro",
	journal = "Phys. Rev. A",
	volume = "75",
	pages = "032521",
	year = "2007",
	publisher = "American Physical Society"
}

@Book{ Mad97,
	title = "OECD/NEA Spec. Mtg. Nucleon-nucleus Opt. Mod. to 200 MeV",
	author = "D. G. Madland",
	publisher = "Paris",
	year = "1997"
}

@Article{ Bon85,
	title = " ",
	author = "B. Bonin and others",
	journal = "Nucl. Phys.",
	pages = "381",
	volume = "A445",
	year = "1985"
}

@Article{ Alk97,
	title = "Beyond the eikonal model for few-body systems",
	author = "J. S. Al-Khalili and J. A. Tostevin and J. M. Brooke",
	journal = "Phys. Rev. C",
	volume = "55",
	number = "3",
	pages = "R1018--R1022",
	numpages = "4",
	year = "1997",
	doi = "10.1103/PhysRevC.55.R1018",
	publisher = "American Physical Society"
}

publisher = ``American Physical Society''
}

@Article{ How05,
	author = "D. J. {Howell} and J. A. {Tostevin} and J. S. {Al-Khalili}",
	title = "Coupled channels calculations of $^{11}$Be breakup",
	journal = "J.\ Phys.\ (London) G",
	year = 2005,
	volume = "31",
	pages = "S1881"
}

@Article{ Cap04,
	title = "Time-dependent analysis of the breakup of $ Be11 $ on $ C12 $ at $ 67 MeV?nucleon $ ",
	author = "P. Capel and G. Goldstein and D. Baye",
	journal = "Phys. Rev. C",
	volume = "70",
	number = "6",
	pages = "064605",
	numpages = "9",
	year = "2004",
	doi = "10.1103/PhysRevC.70.064605",
	publisher = "American Physical Society"
}

@Article{ Cra10,
	author = "E. {Cravo} and R. {Crespo} and A. M. {Moro} and A. {Deltuva}",
	title = "Probing nucleon-nucleon interactions in breakup of the one-neutron halo nucleus $^{11}$Be on a proton target",
	journal = "Phys.Rev. C",
	year = 2010,
	volume = "81",
	pages = "031601"
}


@Article{ Oga10,
	author = "K. {Ogata} and C.\ A. {Bertulani}",
	title = "Dynamical Relativistic Effects in Breakup Processes of Halo Nuclei",
	journal = "Prog.\ Theor.\ Phys.\ (Kyoto)",
	year = 2010,
	volume = "123",
	pages = "701"
}

@Article{ Oga09,
	author = "K. {Ogata} and C.\ A. {Bertulani}",
	title = "Dissociation of relativistic projectiles with the Continuum-Discretized Coupled-Channels methd",
	journal = "Prog.\ Theor.\ Phys.\ (Kyoto)",
	year = 2009,
	volume = "121",
	pages = "1399"
}

@Book{ BS,
	title = {Angular Momentum},
	author = "D. M. Brink and G. R. {Satchler}",
	publisher = "Clarendon, Oxford",
	year = "1968"
}


@book{BS2,
  title={Angular momentum},
  author={Brink, D.M. and Satchler, G.R.},
  lccn={68143050},
  series={Oxford library of the physical sciences},
  url={http://books.google.es/books?id=Yf1QAAAAMAAJ},
  year={1968},
  publisher={Clarendon P.}
}

@Article{ Nun96,
	title = "Core excitation in three-body systems: Application to 12Be",
	journal = "Nucl. Phys. A",
	volume = "609",
	pages = "43",
	year = "1996",
	doi = "10.1016/0375-9474(96)00284-9",
	author = "F.M. Nunes and J.A. Christley and I.J. Thompson and R.C. Johnson and V.D. Efros"
}

@Article{ Fuk04,
	title = "Coulomb and nuclear breakup of a halo nucleus $ Be11 $ ",
	author = "N. Fukuda and others",
	journal = "Phys. Rev. C",
	volume = "70",
	number = "5",
	pages = "054606",
	numpages = "12",
	year = "2004",
	doi = "10.1103/PhysRevC.70.054606",
	publisher = "Physical Society"
}

@Article{ Pal03,
	title = "Exclusive measurement of breakup reactions with the one-neutron halo nucleus ${}^{11}\mathrm{Be}$",
	author = "R. Palit and others",
	year = "2003",
	numpages = "14",
	journal = "Phys. Rev. C",
	pages = "034318",
	volume = "68"
}

@Article{ Nak95,
	title = "Coulomb dissociation of a halo nucleus 11Be and direct breakup mechanism",
	journal = "Nucl. Phys A",
	volume = "588",
	number = "1",
	pages = "c81",
	year = "1995",
	author = "T. Nakamura and others"
}

@Article{ Ber88,
	title = " ",
	author = "C. A. Bertulani and G. Baur",
	journal = "Phys. Rep.",
	pages = "299",
	volume = "163",
	year = "1988"
}


@article{Vau73,
  author="D. {Vautherin}",
  title="Hartree-Fock Calculations with Skyrme's Interaction. II. Axially Deformed Nuclei",
  journal="Phys. Rev. C",
  year=1973,
  volume="7",
  pages="296"
}

@article{Gam90,
  author="Y. K. {Gambhir} and P. {Ring} and A. {Thimet}",
  title="Relativistic Mean Field Theory for Finite Nuclei",
  journal="Ann. Phys. (New York)",
  year=1990,
  volume="198",
  pages="132"
}


@article{Zho03,
  author="S. -G. {Zhou} and J. {Meng} and P. {Ring}",
  title="Spherical relativistic Hartree theory in a Woods-Saxon basis",
  journal="Phys. Rev. C",
  year=2003,
  volume="68",
  pages="034323"
}

@article{Ban80,
  author="J. M. {Bang} and J. S. {Vaagen}",
  title="The Sturmian Expansion: A Well-Depth-Method for Orbitals in a Deformed Potential",
  journal="Z. Phys. A",
  year=1980,
  volume="297",
  pages="223"
}


@article{Sat83,
  title={Direct nuclear reactions},
  author={Satchler, George Raymond},
  year={1983}
}

